<record><leader>00000cas a22000007a 4500</leader><controlfield tag="001">1756337</controlfield><controlfield tag="008">751101d19321973mnudn ne      0    0eng  </controlfield><datafield ind1=" " ind2=" " tag="010"><subfield code="a">sn 83016594 </subfield></datafield><datafield ind1=" " ind2=" " tag="040"><subfield code="a">DLC</subfield><subfield code="b">eng</subfield><subfield code="c">MUL</subfield><subfield code="d">DLC</subfield><subfield code="d">MN#</subfield><subfield code="d">OCLCQ</subfield><subfield code="d">OCLCF</subfield><subfield code="d">OCLCO</subfield></datafield><datafield ind1=" " ind2=" " tag="042"><subfield code="a">msc</subfield></datafield><datafield ind1=" " ind2=" " tag="043"><subfield code="a">n-us-mn</subfield></datafield><datafield ind1="0" ind2="0" tag="050"><subfield code="a">Newspaper 8480</subfield></datafield><datafield ind1=" " ind2=" " tag="052"><subfield code="a">4144</subfield><subfield code="b">M4</subfield></datafield><datafield ind1=" " ind2=" " tag="052"><subfield code="a">4143</subfield><subfield code="b">L9</subfield></datafield><datafield ind1="0" ind2="0" tag="245"><subfield code="a">Lyon County independent.</subfield></datafield><datafield ind1=" " ind2=" " tag="260"><subfield code="a">Marshall, Lyon County, Minn. :</subfield><subfield code="b">Henle's Job Printery,</subfield><subfield code="c">-1973.</subfield></datafield><datafield ind1=" " ind2=" " tag="300"><subfield code="a">v. :</subfield><subfield code="b">ill. ;</subfield><subfield code="c">61 cm.</subfield></datafield><datafield ind1=" " ind2=" " tag="310"><subfield code="a">Semiweekly,</subfield><subfield code="b">Oct. 11, 1969-Aug. 1, 1973</subfield></datafield><datafield ind1=" " ind2=" " tag="321"><subfield code="a">Weekly,</subfield><subfield code="b">&lt;Aug. 29, 1940&gt;-Oct. 8, 1969</subfield></datafield><datafield ind1="1" ind2=" " tag="362"><subfield code="a">Began in 1932.</subfield><subfield code="z">Cf. Ayer, 1956.</subfield></datafield><datafield ind1="0" ind2=" " tag="362"><subfield code="a">-42nd year, no. 79 (Aug. 1, 1973).</subfield></datafield><datafield ind1=" " ind2=" " tag="588"><subfield code="a">Description based on: Vol. 8, no. 41 (Aug. 29, 1940).</subfield></datafield><datafield ind1=" " ind2="0" tag="651"><subfield code="a">Marshall (Minn.)</subfield><subfield code="v">Newspapers.</subfield></datafield><datafield ind1=" " ind2="7" tag="655"><subfield code="a">Newspapers.</subfield><subfield code="2">fast</subfield><subfield code="0">(OCoLC)fst01423814</subfield></datafield><datafield ind1=" " ind2="7" tag="651"><subfield code="a">Minnesota</subfield><subfield code="z">Marshall.</subfield><subfield code="2">fast</subfield><subfield code="0">(OCoLC)fst01220177</subfield></datafield><datafield ind1=" " ind2=" " tag="752"><subfield code="a">United States</subfield><subfield code="b">Minnesota</subfield><subfield code="c">Lyon</subfield><subfield code="d">Marshall.</subfield></datafield><datafield ind1="0" ind2="7" tag="785"><subfield code="t">Messenger (Marshall, Minn.)</subfield><subfield code="w">(DLC)sn 90060657</subfield></datafield><datafield ind1="0" ind2="7" tag="785"><subfield code="t">Messenger independent</subfield><subfield code="w">(DLC)sn 90060658</subfield></datafield></record>